@Article{,
  author = {test test},
  title  = {test},
  year   = {3001},
}

@Comment{jabref-meta: databaseType:bibtex;}
